@misc{dayupay15
	author    = {J.L. Dayupay},
	title     = {Automatic Generation of the History of Present Illness in a Telemedicine System},
	school = {De La Salle University Science and Technology Complex}
}

@inproceedings{farahmand13,
	author    = {A. Farahmand and A. Sarrafzadeh and J. Shanbehzadeh},
	title     = {Document Image Noises and Removal Methods},
	booktitle = {Proceedings of the International MultiConference of Engineers and Computer Scientists},
	year      = {2013}
}

@inproceedings{george13,
	author    = {M. George and C. Lakshmi},
	title     = {Object Detection using the Canny Edge Detector},
	booktitle = { International Journal of Science and Research},
	pages     = {213--215}
}

@inproceedings{gupta06,
	author    = {G. Gupta and S. Niranjan and A. Shrivastava and R. Sinha},
	title     = {Document Layout Analysis and Classification and Its Application in OCR},
	booktitle = {10th IEEE International Enterprise Distributed Object Computing Conference Workshops},
	pages     = {58},
	year      = {2006}
}

@inproceedings{huang15,
	author    = {C. Huang and D. Chen and X. Tang},
	title     = {Implementation of Workpiece Recognition and Location Based on Opencv},
	booktitle = {2015 8th International Symposium on Computational Intelligence and Design (ISCID)},
	pages     = {228--232},
	year      = {2015}
}

@inproceedings{nguyen11,
	author    = {T. Nguyen and Q. Manh and M. Phuong and L. Thanh and T. Hoang},
	title     = {Efficient and reliable camera based multiple-choice test grading system},
	booktitle = {International Conference on Advanced Technologies for Communications},
	year      = {2011}
}

@inproceedings{rathore12,
	author    = {V. Rathore and M. Kumar and M. Verma},
	title     = {Colour Based Image Segmentation Using L*A*B* Colour Space Based On Genetic Algorithm},
	booktitle = {International Journal of Emerging Technology and Advanced Engineering},
	pages     = {156--162},
	year      = {2012}
}

@article {rosebrock2014,
	author = {A. Rosebrock}
	title = {How to build a kickass scanner in 5 minutes},
	month = {Sept},
	year = {2014},
	url = {http://www.pyimagesearch.com/2014/09/01/build-kick-ass-mobile-document-scanner-just-5-minutes/}
}

@inproceedings{patel15,
	author    = {R. Patel and S. Sanghavi and D. Gupta},
	title     = {CheckIt - A low cost mobile OMR system},
	booktitle = {TENCON 2015 - 2015 IEEE Region 10 Conference},
	pages     = {1--5},
	year      = {2015}
}

@inproceedings{stam08,
author    = {N. Stamatopoulos and B. Gatos and I. Pratikakis and S.J. Perantonis},
title     = {A Two-Step Dewarping of Camera Document Images},
booktitle = {The Eighth IAPR Workshop on Document Analysis Systems},
pages     = {209--216},
year      = {2008}
}

@inproceedings{teh89,
author    = {C. Teh and R. Chin},
title     = {On the Detection of Dominant Points on Digital Curves},
booktitle = {TRANSACTIONS ON PATTERN ANALYSIS AND MACHINE INTELLIGENCE},
pages     = {859--872},
year      = {1989}
}

@article {telediagnosis,
	title = {Dictionary.com Unabridged},
	month = {Aug},
	day = {26},
	year = {2016},
	url = {http://www.dictionary.com/browse/telediagnosis}
}

@inproceedings{vuong14,
	author    = {B. Vuong and H. Do},
	title     = {Design and implementation of multilanguage name card reader on Android platform},
	booktitle = {2014 International Conference on Advanced Technologies for Communications (ATC 2014)},
	pages     = {528--531},
	year      = {2014}
}